<?xml version="1.0" encoding="UTF-8"?>
<BCE:Balanza xmlns:BCE="http://www.sat.gob.mx/esquemas/ContabilidadE/1_1/BalanzaComprobacion" xmlns:xsi="http://www.w3.org/2001/XMLSchema-instance" xmls:schemaLocation="http://www.sat.gob.mx/esquemas/ContabilidadE/1_1/BalanzaComprobacion http://www.sat.gob.mx/esquemas/ContabilidadE/1_1/BalanzaComprobacion/BalanzaComprobacion_1_1.xsd" Version="1.1" Mes="09" Anio="2021" RFC="HSS1306229V2" TipoEnvio="C" FechaModBal="2021-10-20">
  <BCE:Ctas NumCta="0" SaldoIni="1000.00" Debe="0.00" Haber="0.00" SaldoFin="1000.00"/>
  <BCE:Ctas NumCta="90" SaldoIni="400.00" Debe="0.00" Haber="0.00" SaldoFin="400.00"/>
  <BCE:Ctas NumCta="99" SaldoIni="-1000.00" Debe="0.00" Haber="0.00" SaldoFin="-1000.00"/>
  <BCE:Ctas NumCta="100" SaldoIni="17626.00" Debe="0.00" Haber="0.00" SaldoFin="17626.00"/>
  <BCE:Ctas NumCta="101" SaldoIni="0.00" Debe="1000.00" Haber="0.00" SaldoFin="1000.00"/>
  <BCE:Ctas NumCta="101" SaldoIni="1640.97" Debe="500.00" Haber="15000.50" SaldoFin="-12859.53"/>
  <BCE:Ctas NumCta="101" SaldoIni="1000.00" Debe="0.00" Haber="0.00" SaldoFin="1000.00"/>
  <BCE:Ctas NumCta="101" SaldoIni="1500.50" Debe="0.00" Haber="0.00" SaldoFin="1500.50"/>
  <BCE:Ctas NumCta="102" SaldoIni="-12926.60" Debe="0.00" Haber="0.00" SaldoFin="-12926.60"/>
  <BCE:Ctas NumCta="102" SaldoIni="1900.00" Debe="0.00" Haber="0.00" SaldoFin="1900.00"/>
  <BCE:Ctas NumCta="103" SaldoIni="-2356.84" Debe="0.00" Haber="0.00" SaldoFin="-2356.84"/>
  <BCE:Ctas NumCta="103" SaldoIni="0.00" Debe="1000.00" Haber="0.00" SaldoFin="1000.00"/>
  <BCE:Ctas NumCta="103" SaldoIni="-2500.00" Debe="0.00" Haber="0.00" SaldoFin="-2500.00"/>
  <BCE:Ctas NumCta="103" SaldoIni="-8451.14" Debe="0.00" Haber="1000.00" SaldoFin="-9451.14"/>
  <BCE:Ctas NumCta="104" SaldoIni="-500.00" Debe="1000.00" Haber="0.00" SaldoFin="500.00"/>
  <BCE:Ctas NumCta="104" SaldoIni="49.00" Debe="0.00" Haber="0.00" SaldoFin="49.00"/>
  <BCE:Ctas NumCta="105" SaldoIni="-502.50" Debe="3500.00" Haber="0.00" SaldoFin="2997.50"/>
  <BCE:Ctas NumCta="105" SaldoIni="0.00" Debe="1500.00" Haber="0.00" SaldoFin="1500.00"/>
  <BCE:Ctas NumCta="106" SaldoIni="0.00" Debe="500.00" Haber="0.00" SaldoFin="500.00"/>
  <BCE:Ctas NumCta="106" SaldoIni="2626.00" Debe="0.00" Haber="0.00" SaldoFin="2626.00"/>
  <BCE:Ctas NumCta="106" SaldoIni="-1500.00" Debe="0.00" Haber="0.00" SaldoFin="-1500.00"/>
  <BCE:Ctas NumCta="106" SaldoIni="0.00" Debe="1200.00" Haber="0.00" SaldoFin="1200.00"/>
  <BCE:Ctas NumCta="106" SaldoIni="69.90" Debe="0.00" Haber="0.00" SaldoFin="69.90"/>
  <BCE:Ctas NumCta="106" SaldoIni="1000.00" Debe="0.00" Haber="0.00" SaldoFin="1000.00"/>
  <BCE:Ctas NumCta="107" SaldoIni="18534.48" Debe="1500.00" Haber="0.00" SaldoFin="20034.48"/>
  <BCE:Ctas NumCta="107" SaldoIni="0.00" Debe="1000.00" Haber="0.00" SaldoFin="1000.00"/>
  <BCE:Ctas NumCta="107" SaldoIni="258.33" Debe="0.00" Haber="0.00" SaldoFin="258.33"/>
  <BCE:Ctas NumCta="109" SaldoIni="-200.00" Debe="0.00" Haber="0.00" SaldoFin="-200.00"/>
  <BCE:Ctas NumCta="109" SaldoIni="-2500.00" Debe="500.50" Haber="0.00" SaldoFin="-1999.50"/>
  <BCE:Ctas NumCta="109" SaldoIni="-6371.22" Debe="0.00" Haber="0.00" SaldoFin="-6371.22"/>
  <BCE:Ctas NumCta="109" SaldoIni="-946.86" Debe="0.00" Haber="0.00" SaldoFin="-946.86"/>
  <BCE:Ctas NumCta="110" SaldoIni="433.64" Debe="0.00" Haber="0.00" SaldoFin="433.64"/>
  <BCE:Ctas NumCta="111" SaldoIni="0.00" Debe="1000.00" Haber="0.00" SaldoFin="1000.00"/>
  <BCE:Ctas NumCta="113" SaldoIni="1151.33" Debe="0.00" Haber="0.00" SaldoFin="1151.33"/>
  <BCE:Ctas NumCta="113" SaldoIni="529.67" Debe="0.00" Haber="0.00" SaldoFin="529.67"/>
  <BCE:Ctas NumCta="114" SaldoIni="0.00" Debe="230.00" Haber="0.00" SaldoFin="230.00"/>
  <BCE:Ctas NumCta="115" SaldoIni="121.30" Debe="0.00" Haber="0.00" SaldoFin="121.30"/>
  <BCE:Ctas NumCta="115" SaldoIni="-254.54" Debe="1000.00" Haber="0.00" SaldoFin="745.46"/>
  <BCE:Ctas NumCta="117" SaldoIni="69.90" Debe="0.00" Haber="0.00" SaldoFin="69.90"/>
  <BCE:Ctas NumCta="119" SaldoIni="0.00" Debe="150.00" Haber="0.00" SaldoFin="150.00"/>
  <BCE:Ctas NumCta="119" SaldoIni="2554.65" Debe="0.00" Haber="0.00" SaldoFin="2554.65"/>
  <BCE:Ctas NumCta="119" SaldoIni="-647.28" Debe="0.00" Haber="0.00" SaldoFin="-647.28"/>
  <BCE:Ctas NumCta="120" SaldoIni="-1500.00" Debe="0.00" Haber="0.00" SaldoFin="-1500.00"/>
  <BCE:Ctas NumCta="121" SaldoIni="101.85" Debe="0.00" Haber="0.00" SaldoFin="101.85"/>
  <BCE:Ctas NumCta="155" SaldoIni="129.84" Debe="0.00" Haber="0.00" SaldoFin="129.84"/>
  <BCE:Ctas NumCta="155" SaldoIni="69.90" Debe="0.00" Haber="0.00" SaldoFin="69.90"/>
  <BCE:Ctas NumCta="156" SaldoIni="125.00" Debe="0.00" Haber="0.00" SaldoFin="125.00"/>
  <BCE:Ctas NumCta="161" SaldoIni="0.00" Debe="200.00" Haber="0.00" SaldoFin="200.00"/>
  <BCE:Ctas NumCta="169" SaldoIni="258.33" Debe="0.00" Haber="0.00" SaldoFin="258.33"/>
  <BCE:Ctas NumCta="170" SaldoIni="0.01" Debe="0.00" Haber="0.00" SaldoFin="0.01"/>
  <BCE:Ctas NumCta="171" SaldoIni="189.60" Debe="0.00" Haber="0.00" SaldoFin="189.60"/>
  <BCE:Ctas NumCta="171" SaldoIni="105.56" Debe="0.00" Haber="0.00" SaldoFin="105.56"/>
  <BCE:Ctas NumCta="172" SaldoIni="105.56" Debe="220.00" Haber="0.00" SaldoFin="325.56"/>
  <BCE:Ctas NumCta="172" SaldoIni="189.81" Debe="0.00" Haber="0.00" SaldoFin="189.81"/>
  <BCE:Ctas NumCta="172" SaldoIni="152.00" Debe="0.00" Haber="0.00" SaldoFin="152.00"/>
  <BCE:Ctas NumCta="172" SaldoIni="152.00" Debe="0.00" Haber="0.00" SaldoFin="152.00"/>
  <BCE:Ctas NumCta="174" SaldoIni="189.60" Debe="0.00" Haber="0.00" SaldoFin="189.60"/>
  <BCE:Ctas NumCta="175" SaldoIni="189.60" Debe="0.00" Haber="0.00" SaldoFin="189.60"/>
  <BCE:Ctas NumCta="181" SaldoIni="530.64" Debe="0.00" Haber="0.00" SaldoFin="530.64"/>
  <BCE:Ctas NumCta="183" SaldoIni="126.00" Debe="0.00" Haber="0.00" SaldoFin="126.00"/>
  <BCE:Ctas NumCta="186" SaldoIni="152.00" Debe="0.00" Haber="0.00" SaldoFin="152.00"/>
  <BCE:Ctas NumCta="188" SaldoIni="69.90" Debe="0.00" Haber="0.00" SaldoFin="69.90"/>
  <BCE:Ctas NumCta="201" SaldoIni="258.33" Debe="0.00" Haber="0.00" SaldoFin="258.33"/>
  <BCE:Ctas NumCta="203" SaldoIni="640.00" Debe="0.00" Haber="0.00" SaldoFin="640.00"/>
  <BCE:Ctas NumCta="203" SaldoIni="2100.00" Debe="0.00" Haber="0.00" SaldoFin="2100.00"/>
  <BCE:Ctas NumCta="203" SaldoIni="1500.00" Debe="0.00" Haber="0.00" SaldoFin="1500.00"/>
  <BCE:Ctas NumCta="204" SaldoIni="2559.08" Debe="0.00" Haber="0.00" SaldoFin="2559.08"/>
  <BCE:Ctas NumCta="204" SaldoIni="-17000.00" Debe="0.00" Haber="0.00" SaldoFin="-17000.00"/>
  <BCE:Ctas NumCta="214" SaldoIni="-640.00" Debe="0.00" Haber="0.00" SaldoFin="-640.00"/>
  <BCE:Ctas NumCta="214" SaldoIni="-600.00" Debe="0.00" Haber="0.00" SaldoFin="-600.00"/>
  <BCE:Ctas NumCta="501" SaldoIni="-1500.00" Debe="0.00" Haber="0.00" SaldoFin="-1500.00"/>
  <BCE:Ctas NumCta="501" SaldoIni="179.28" Debe="0.00" Haber="0.00" SaldoFin="179.28"/>
  <BCE:Ctas NumCta="501" SaldoIni="-2753.00" Debe="0.00" Haber="0.00" SaldoFin="-2753.00"/>
  <BCE:Ctas NumCta="501" SaldoIni="-3500.00" Debe="0.00" Haber="0.00" SaldoFin="-3500.00"/>
  <BCE:Ctas NumCta="601" SaldoIni="258.33" Debe="0.00" Haber="0.00" SaldoFin="258.33"/>
  <BCE:Ctas NumCta="602" SaldoIni="152.00" Debe="0.00" Haber="0.00" SaldoFin="152.00"/>
  <BCE:Ctas NumCta="603" SaldoIni="69.90" Debe="0.00" Haber="0.00" SaldoFin="69.90"/>
  <BCE:Ctas NumCta="604" SaldoIni="530.64" Debe="0.00" Haber="0.00" SaldoFin="530.64"/>
  <BCE:Ctas NumCta="604" SaldoIni="105.56" Debe="0.00" Haber="0.00" SaldoFin="105.56"/>
  <BCE:Ctas NumCta="605" SaldoIni="189.60" Debe="0.00" Haber="0.00" SaldoFin="189.60"/>
  <BCE:Ctas NumCta="614" SaldoIni="-126.25" Debe="0.00" Haber="0.00" SaldoFin="-126.25"/>
  <BCE:Ctas NumCta="702" SaldoIni="126.00" Debe="0.00" Haber="0.00" SaldoFin="126.00"/>
  <BCE:Ctas NumCta="899" SaldoIni="1856.20" Debe="0.00" Haber="0.00" SaldoFin="1856.20"/>
  <BCE:Ctas NumCta="899" SaldoIni="897.94" Debe="0.00" Haber="0.00" SaldoFin="897.94"/>
  <BCE:Ctas NumCta="4673" SaldoIni="1550.50" Debe="0.00" Haber="0.00" SaldoFin="1550.50"/>
</BCE:Balanza>
